34100000         261595590000137               00687045252000000095686 0MATEUS FOOD LTDA              BANCO ITAU S/A                          20804202604443000017705000000                                                                     
34100011E0440050 261595590000137               00687045252000000095686 0MATEUS FOOD LTDA                                                      06042026000000000090547786CPBRL00177                                                              
3410001300001E1  261595590000137000000         00687045252000000095686 0MATEUS FOOD LTDA                    DPV0100009129000000000000S        07042026000000000000940025D1120069SISPAG FORNECEDORES                                       000000
3410001300002E1  261595590000137000000         00687045252000000095686 0MATEUS FOOD LTDA                    DPV0100009925000000000000S        07042026000000000003504230D1120069SISPAG FORNECEDORES                                       000000
3410001300003E1  261595590000137000000         00687045252000000095686 0MATEUS FOOD LTDA                    DPV0100009773000000000000S        07042026000000000000046918C2050098SISPAG  CREDI SHOP S INS                                  000000
3410001300004E1  261595590000137000000         00687045252000000095686 0MATEUS FOOD LTDA                    DPV0100009121000000000000S        07042026000000000000074209C2050093CIELO  AMEX CD3000001125                                  000000
3410001300005E1  261595590000137000000         00687045252000000095686 0MATEUS FOOD LTDA                    DPV0100009126000000000000S        07042026000000000000478412C2050093CIELO  MAST CD3000001125                                  000000
3410001300006E1  261595590000137000000         00687045252000000095686 0MATEUS FOOD LTDA                    DPV0100009136000000000000S        07042026000000000000173644C2050093CIELO  VISA CD3000001125                                  000000
3410001300007E1  261595590000137000000         00687045252000000095686 0MATEUS FOOD LTDA                    DPV0100009773000000000000S        07042026000000000000017396C2050093REDE   AMEX CD0102737975                                  000000
3410001300008E1  261595590000137000000         00687045252000000095686 0MATEUS FOOD LTDA                    DPV0100009014000000000000S        07042026000000000000394100C2050093REDE   ELO  DB0102737975                                  000000
3410001300009E1  261595590000137000000         00687045252000000095686 0MATEUS FOOD LTDA                    DPV0100009026000000000000S        07042026000000000000215800C2050093REDE   ELO  CD0102737975                                  000000
3410001300010E1  261595590000137000000         00687045252000000095686 0MATEUS FOOD LTDA                    DPV0100009014000000000000S        07042026000000000000921809C2050093REDE   MAST DB0102737975                                  000000
3410001300011E1  261595590000137000000         00687045252000000095686 0MATEUS FOOD LTDA                    DPV0100009123000000000000S        07042026000000000002239442C2050093REDE   MAST CD0102737975                                  000000
3410001300012E1  261595590000137000000         00687045252000000095686 0MATEUS FOOD LTDA                    DPV0100009327000000000000S        07042026000000000001081710C2050093REDE   VISA DB0102737975                                  000000
3410001300013E1  261595590000137000000         00687045252000000095686 0MATEUS FOOD LTDA                    DPV0100009925000000000000S        07042026000000000001383054C2050093REDE   VISA CD0102737975                                  000000
3410001300014E1  261595590000137000000         00687045252000000095686 0MATEUS FOOD LTDA                    DPV0100009120000000000000S        07042026000000000012756868C2020038COBR IBBA 2938/63884-4                                    000000
3410001300015E1  261595590000137000000         00687045252000000095686 0MATEUS FOOD LTDA                    DPV0100009120000000000000S        07042026000000000000025043C2230000PIX QRS AGUA NA BOC07/04                                  000000
3410001300016E1  261595590000137000000         00687045252000000095686 0MATEUS FOOD LTDA                    DPV0100009131000000000000S        07042026000000000000008521C2230000PIX QRS Jose Carlos07/04                                  000000
3410001300017E1  261595590000137000000         00687045252000000095686 0MATEUS FOOD LTDA                    DPV0100009130000000000000S        07042026000000000000020018C2230000PIX QRS JULIANNA L DA SI                                  000000
3410001300018E1  261595590000137000000         00687045252000000095686 0MATEUS FOOD LTDA                    DPV0100009925000000000000S        07042026000000000000030131C2230000PIX QRS M D R COSTA07/04                                  000000
3410001300019E1  261595590000137000000         00687045252000000095686 0MATEUS FOOD LTDA                    DPV0100009136000000000000S        07042026000000000000023220C2230000PIX QRS PADALANCHES07/04                                  000000
3410001300020E1  261595590000137000000         00687045252000000095686 0MATEUS FOOD LTDA                    DPV0100009953000000000000S        07042026000000000000012396C2230000PIX QRS PADALANCHES07/04                                  000000
3410001300021E1  261595590000137000000         00687045252000000095686 0MATEUS FOOD LTDA                    DPV0100009129000000000000S        07042026000000000000031527C2230000PIX QRS PIZZA ONE07/04                                    000000
3410001300022E1  261595590000137000000         00687045252000000095686 0MATEUS FOOD LTDA                    DPV0100009126000000000000S        07042026000000000000019764C2230000PIX QRS Rosa Maria 07/04                                  000000
3410001300023E1  261595590000137000000         00687045252000000095686 0MATEUS FOOD LTDA                    DPV0100009129000000000000S        07042026000000000000063239C2230000PIX QRS Walter Mart07/04                                  000000
3410001300024E1  261595590000137000000         00687045252000000095686 0MATEUS FOOD LTDA                    DPV0100009120000000000000S        07042026000000000000002925C2090007PIX TRANSF  VR Bene07/04                                  000000
3410001300025E1  261595590000137000000         00687045252000000095686 0MATEUS FOOD LTDA                    DPV0100009026000000000000S        07042026000000000000005800C2050000PIX SAQUE 07/04                                           000000
3410001300026E1  261595590000137000000         00687045252000000095686 0MATEUS FOOD LTDA                    DPV0100009123000000000000S        07042026000000000000009000C2050000PIX SAQUE 07/04                                           000000
3410001300027E1  261595590000137000000         00687045252000000095686 0MATEUS FOOD LTDA                    DPV0100009124000000000000S        07042026000000000000003000C2050000PIX SAQUE 07/04                                           000000
3410001300028E1  261595590000137000000         00687045252000000095686 0MATEUS FOOD LTDA                    DPV0100009127000000000000S        07042026000000000000010000C2050000PIX SAQUE 07/04                                           000000
3410001300029E1  261595590000137000000         00687045252000000095686 0MATEUS FOOD LTDA                    DPV0100009773000000000000S        07042026000000000000005000C2050000PIX SAQUE 07/04                                           000000
3410001300030E1  261595590000137000000         00687045252000000095686 0MATEUS FOOD LTDA                    DPV0100009779000000000000S        07042026000000000000040000C2050000PIX SAQUE 07/04                                           000000
3410001300031E1  261595590000137000000         00687045252000000095686 0MATEUS FOOD LTDA                    DPV0100009953000000000000S        07042026000000000000031597C2090007TED 237.2374.ALELO I D P                                  000000
34100015         261595590000137               00687045252000000095686 0                00000000000000000000000000000000000000000000000000000007042026000000000106228074CP0000330000000000044442550000000000201245430000000000000000000000000000
34199999         000001000035000001                                                                                                                                                                                                             
