34100000         261595590000137               00687045252000000095686 0MATEUS FOOD LTDA              BANCO ITAU S/A                          20704202605182400017605000000                                                                     
34100011E0440050 261595590000137               00687045252000000095686 0MATEUS FOOD LTDA                                                      02042026000000000099605411CPBRL00176                                                              
3410001300001E1  261595590000137000000         00687045252000000095686 0MATEUS FOOD LTDA                    DPV0100009028000000000000S        06042026000000000044882692D1120069SISPAG FORNECEDORES                                       000000
3410001300002E1  261595590000137000000         00687045252000000095686 0MATEUS FOOD LTDA                    DPV0100009026000000000000S        06042026000000000000522949C2050098SISPAG          03993242                                  000000
3410001300003E1  261595590000137000000         00687045252000000095686 0MATEUS FOOD LTDA                    DPV0100009026000000000000S        06042026000000000000002086C2050098SISPAG          03993242                                  000000
3410001300004E1  261595590000137000000         00687045252000000095686 0MATEUS FOOD LTDA                    DPV0100009125000000000000S        06042026000000000000069101C2050098SISPAG          03993242                                  000000
3410001300005E1  261595590000137000000         00687045252000000095686 0MATEUS FOOD LTDA                    DPV0100009136000000000000S        06042026000000000000120923C2050098SISPAG          03993242                                  000000
3410001300006E1  261595590000137000000         00687045252000000095686 0MATEUS FOOD LTDA                    DPV0100009925000000000000S        06042026000000000000001890C2050098SISPAG          03993242                                  000000
3410001300007E1  261595590000137000000         00687045252000000095686 0MATEUS FOOD LTDA                    DPV0100009129000000000000S        06042026000000000000240236C2050098SISPAG  CREDI SHOP S INS                                  000000
3410001300008E1  261595590000137000000         00687045252000000095686 0MATEUS FOOD LTDA                    DPV0100009120000000000000S        06042026000000000000173821C2050098SISPAG  TICKET SERVICOS                                   000000
3410001300009E1  261595590000137000000         00687045252000000095686 0MATEUS FOOD LTDA                    DPV0100009779000000000000S        06042026000000000000076963C2050093CIELO  AMEX CD3000001125                                  000000
3410001300010E1  261595590000137000000         00687045252000000095686 0MATEUS FOOD LTDA                    DPV0100009122000000000000S        06042026000000000000410880C2050093CIELO  ELO  CD3000001125                                  000000
3410001300011E1  261595590000137000000         00687045252000000095686 0MATEUS FOOD LTDA                    DPV0100009121000000000000S        06042026000000000002809407C2050093CIELO  MAST CD3000001125                                  000000
3410001300012E1  261595590000137000000         00687045252000000095686 0MATEUS FOOD LTDA                    DPV0100009126000000000000S        06042026000000000001980350C2050093CIELO  VISA CD3000001125                                  000000
3410001300013E1  261595590000137000000         00687045252000000095686 0MATEUS FOOD LTDA                    DPV0100009121000000000000S        06042026000000000000000759C2050093REDE   AMEX CD0102737975                                  000000
3410001300014E1  261595590000137000000         00687045252000000095686 0MATEUS FOOD LTDA                    DPV0100009014000000000000S        06042026000000000000930145C2050093REDE   ELO  DB0102737975                                  000000
3410001300015E1  261595590000137000000         00687045252000000095686 0MATEUS FOOD LTDA                    DPV0100009953000000000000S        06042026000000000000833804C2050093REDE   ELO  CD0102737975                                  000000
3410001300016E1  261595590000137000000         00687045252000000095686 0MATEUS FOOD LTDA                    DPV0100009124000000000000S        06042026000000000008285270C2050093REDE   MAST CD0102737975                                  000000
3410001300017E1  261595590000137000000         00687045252000000095686 0MATEUS FOOD LTDA                    DPV0100009773000000000000S        06042026000000000005519423C2050093REDE   MAST DB0102737975                                  000000
3410001300018E1  261595590000137000000         00687045252000000095686 0MATEUS FOOD LTDA                    DPV0100009132000000000000S        06042026000000000005790966C2050093REDE   VISA CD0102737975                                  000000
3410001300019E1  261595590000137000000         00687045252000000095686 0MATEUS FOOD LTDA                    DPV0100009136000000000000S        06042026000000000004394993C2050093REDE   VISA DB0102737975                                  000000
3410001300020E1  261595590000137000000         00687045252000000095686 0MATEUS FOOD LTDA                    DPV0100009779000000000000S        06042026000000000000004865C2050093REDE   VISA CD0102737975                                  000000
3410001300021E1  261595590000137000000         00687045252000000095686 0MATEUS FOOD LTDA                    DPV0100009120000000000000S        06042026000000000002163661C2020038COBR IBBA 2938/63884-4                                    000000
3410001300022E1  261595590000137000000         00687045252000000095686 0MATEUS FOOD LTDA                    DPV0100009327000000000000S        06042026000000000000021990C2230000PIX QRS AGUA NA BOC03/04                                  000000
3410001300023E1  261595590000137000000         00687045252000000095686 0MATEUS FOOD LTDA                    DPV0100009122000000000000S        06042026000000000000013517C2230000PIX QRS GARAGEM BUR04/04                                  000000
3410001300024E1  261595590000137000000         00687045252000000095686 0MATEUS FOOD LTDA                    DPV0100009122000000000000S        06042026000000000000033820C2230000PIX QRS GARAGEM BUR04/04                                  000000
3410001300025E1  261595590000137000000         00687045252000000095686 0MATEUS FOOD LTDA                    DPV0100009128000000000000S        06042026000000000000006296C2230000PIX QRS JEFFERSON B06/04                                  000000
3410001300026E1  261595590000137000000         00687045252000000095686 0MATEUS FOOD LTDA                    DPV0100009028000000000000S        06042026000000000000050913C2230000PIX QRS LINA ROSA A06/04                                  000000
3410001300027E1  261595590000137000000         00687045252000000095686 0MATEUS FOOD LTDA                    DPV0100009014000000000000S        06042026000000000000019900C2230000PIX QRS LUCIANE CAR06/04                                  000000
3410001300028E1  261595590000137000000         00687045252000000095686 0MATEUS FOOD LTDA                    DPV0100009129000000000000S        06042026000000000000015480C2230000PIX QRS LUCIANE CAR06/04                                  000000
3410001300029E1  261595590000137000000         00687045252000000095686 0MATEUS FOOD LTDA                    DPV0100009028000000000000S        06042026000000000000051272C2230000PIX QRS LURDIMAR CU06/04                                  000000
3410001300030E1  261595590000137000000         00687045252000000095686 0MATEUS FOOD LTDA                    DPV0100009120000000000000S        06042026000000000000046068C2230000PIX QRS Maria da Co06/04                                  000000
3410001300031E1  261595590000137000000         00687045252000000095686 0MATEUS FOOD LTDA                    DPV0100009026000000000000S        06042026000000000000033230C2230000PIX QRS Odilene Ara04/04                                  000000
3410001300032E1  261595590000137000000         00687045252000000095686 0MATEUS FOOD LTDA                    DPV0100009120000000000000S        06042026000000000000066951C2230000PIX QRS Odilene Ara04/04                                  000000
3410001300033E1  261595590000137000000         00687045252000000095686 0MATEUS FOOD LTDA                    DPV0100009123000000000000S        06042026000000000000105208C2230000PIX QRS PIZZA ONE06/04                                    000000
3410001300034E1  261595590000137000000         00687045252000000095686 0MATEUS FOOD LTDA                    DPV0100009014000000000000S        06042026000000000000021447C2230000PIX QRS Rosa Maria 03/04                                  000000
3410001300035E1  261595590000137000000         00687045252000000095686 0MATEUS FOOD LTDA                    DPV0100009120000000000000S        06042026000000000000026974C2230000PIX QRS Rosa Maria 06/04                                  000000
3410001300036E1  261595590000137000000         00687045252000000095686 0MATEUS FOOD LTDA                    DPV0100009925000000000000S        06042026000000000000071920C2230000PIX QRS SUSHI SLZ L04/04                                  000000
3410001300037E1  261595590000137000000         00687045252000000095686 0MATEUS FOOD LTDA                    DPV0100009026000000000000S        06042026000000000000110224C2230000PIX QRS 34.458.316 06/04                                  000000
3410001300038E1  261595590000137000000         00687045252000000095686 0MATEUS FOOD LTDA                    DPV0100009123000000000000S        06042026000000000000064500C2230000PIX QRS 34.458.316 06/04                                  000000
3410001300039E1  261595590000137000000         00687045252000000095686 0MATEUS FOOD LTDA                    DPV0100009127000000000000S        06042026000000000000035800C2230000PIX QRS 34.458.316 06/04                                  000000
3410001300040E1  261595590000137000000         00687045252000000095686 0MATEUS FOOD LTDA                    DPV0100009131000000000000S        06042026000000000000110860C2230000PIX QRS 34.458.316 06/04                                  000000
3410001300041E1  261595590000137000000         00687045252000000095686 0MATEUS FOOD LTDA                    DPV0100009120000000000000S        06042026000000000000076150C2230000PIX QRS 42.849.197 06/04                                  000000
3410001300042E1  261595590000137000000         00687045252000000095686 0MATEUS FOOD LTDA                    DPV0100009132000000000000S        06042026000000000000041001C2230000PIX QRS 60.381.598 06/04                                  000000
3410001300043E1  261595590000137000000         00687045252000000095686 0MATEUS FOOD LTDA                    DPV0100009131000000000000S        06042026000000000000225522C2090007PIX TRANSF  VR Bene06/04                                  000000
3410001300044E1  261595590000137000000         00687045252000000095686 0MATEUS FOOD LTDA                    DPV0100009028000000000000S        06042026000000000000005000C2050000PIX SAQUE 04/04                                           000000
3410001300045E1  261595590000137000000         00687045252000000095686 0MATEUS FOOD LTDA                    DPV0100009131000000000000S        06042026000000000000001000C2050000PIX SAQUE 04/04                                           000000
3410001300046E1  261595590000137000000         00687045252000000095686 0MATEUS FOOD LTDA                    DPV0100009925000000000000S        06042026000000000000001000C2050000PIX SAQUE 04/04                                           000000
3410001300047E1  261595590000137000000         00687045252000000095686 0MATEUS FOOD LTDA                    DPV0100009028000000000000S        06042026000000000000005000C2050000PIX SAQUE 06/04                                           000000
3410001300048E1  261595590000137000000         00687045252000000095686 0MATEUS FOOD LTDA                    DPV0100009121000000000000S        06042026000000000000001000C2050000PIX SAQUE 06/04                                           000000
3410001300049E1  261595590000137000000         00687045252000000095686 0MATEUS FOOD LTDA                    DPV0100009125000000000000S        06042026000000000000010000C2050000PIX SAQUE 06/04                                           000000
3410001300050E1  261595590000137000000         00687045252000000095686 0MATEUS FOOD LTDA                    DPV0100009127000000000000S        06042026000000000000005000C2050000PIX SAQUE 06/04                                           000000
3410001300051E1  261595590000137000000         00687045252000000095686 0MATEUS FOOD LTDA                    DPV0100009127000000000000S        06042026000000000000010000C2050000PIX SAQUE 06/04                                           000000
3410001300052E1  261595590000137000000         00687045252000000095686 0MATEUS FOOD LTDA                    DPV0100009129000000000000S        06042026000000000000030000C2050000PIX SAQUE 06/04                                           000000
3410001300053E1  261595590000137000000         00687045252000000095686 0MATEUS FOOD LTDA                    DPV0100009953000000000000S        06042026000000000000009000C2050000PIX SAQUE 06/04                                           000000
3410001300054E1  261595590000137000000         00687045252000000095686 0MATEUS FOOD LTDA                    DPV0100009014000000000000S        06042026000000000000035861C2090007TED 033.2271.PLUXEE I D                                   000000
3410001300055E1  261595590000137000000         00687045252000000095686 0MATEUS FOOD LTDA                    DPV0100009026000000000000S        06042026000000000000008844C2090007TED 237.2374.ALELO I D P                                  000000
3410001300056E1  261595590000137000000         00687045252000000095686 0MATEUS FOOD LTDA                    DPV0100009128000000000000S        06042026000000000000121827C2090007TED 237.2374.ALELO I D P                                  000000
34100015         261595590000137               00687045252000000095686 0                00000000000000000000000000000000000000000000000000000006042026000000000090547786CP0000580000000000448826920000000000358250670000000000000000000000000000
34199999         000001000060000001                                                                                                                                                                                                             
