34100000         261595590000137               00687045252000000095686 0MATEUS FOOD LTDA              BANCO ITAU S/A                          20304202604570700017505000000                                                                     
34100011E0440050 261595590000137               00687045252000000095686 0MATEUS FOOD LTDA                                                      01042026000000000084076447CPBRL00175                                                              
3410001300001E1  261595590000137000000         00687045252000000095686 0MATEUS FOOD LTDA                    DPV0100009327000000000000S        02042026000000000001850000D1120069SISPAG FORNECEDORES                                       142227
3410001300002E1  261595590000137000000         00687045252000000095686 0MATEUS FOOD LTDA                    DPV0100009124000000000000S        02042026000000000000137577C2050098SISPAG          03987511                                  000000
3410001300003E1  261595590000137000000         00687045252000000095686 0MATEUS FOOD LTDA                    DPV0100009130000000000000S        02042026000000000000015011C2050098SISPAG          03987511                                  000000
3410001300004E1  261595590000137000000         00687045252000000095686 0MATEUS FOOD LTDA                    DPV0100009773000000000000S        02042026000000000000010421C2050098SISPAG          03987511                                  000000
3410001300005E1  261595590000137000000         00687045252000000095686 0MATEUS FOOD LTDA                    DPV0100009773000000000000S        02042026000000000000038327C2050098SISPAG  CREDI SHOP S INS                                  000000
3410001300006E1  261595590000137000000         00687045252000000095686 0MATEUS FOOD LTDA                    DPV0100009028000000000000S        02042026000000000001239078C2050093CIELO  MAST CD3000001125                                  000000
3410001300007E1  261595590000137000000         00687045252000000095686 0MATEUS FOOD LTDA                    DPV0100009121000000000000S        02042026000000000000505031C2050093CIELO  VISA CD3000001125                                  000000
3410001300008E1  261595590000137000000         00687045252000000095686 0MATEUS FOOD LTDA                    DPV0100009132000000000000S        02042026000000000000025499C2050093REDE   AMEX CD0102737975                                  000000
3410001300009E1  261595590000137000000         00687045252000000095686 0MATEUS FOOD LTDA                    DPV0100009120000000000000S        02042026000000000000152835C2050093REDE   ELO  CD0102737975                                  000000
3410001300010E1  261595590000137000000         00687045252000000095686 0MATEUS FOOD LTDA                    DPV0100009120000000000000S        02042026000000000000560752C2050093REDE   ELO  DB0102737975                                  000000
3410001300011E1  261595590000137000000         00687045252000000095686 0MATEUS FOOD LTDA                    DPV0100009123000000000000S        02042026000000000001903789C2050093REDE   MAST DB0102737975                                  000000
3410001300012E1  261595590000137000000         00687045252000000095686 0MATEUS FOOD LTDA                    DPV0100009130000000000000S        02042026000000000002608879C2050093REDE   MAST CD0102737975                                  000000
3410001300013E1  261595590000137000000         00687045252000000095686 0MATEUS FOOD LTDA                    DPV0100009014000000000000S        02042026000000000002220274C2050093REDE   VISA DB0102737975                                  000000
3410001300014E1  261595590000137000000         00687045252000000095686 0MATEUS FOOD LTDA                    DPV0100009132000000000000S        02042026000000000001532848C2050093REDE   VISA CD0102737975                                  000000
3410001300015E1  261595590000137000000         00687045252000000095686 0MATEUS FOOD LTDA                    DPV0100009026000000000000S        02042026000000000005480140C2020038COBR IBBA 2938/63884-4                                    000000
3410001300016E1  261595590000137000000         00687045252000000095686 0MATEUS FOOD LTDA                    DPV0100009121000000000000S        02042026000000000000266333C2230000PIX QRS A F DE ARAU02/04                                  000000
3410001300017E1  261595590000137000000         00687045252000000095686 0MATEUS FOOD LTDA                    DPV0100009131000000000000S        02042026000000000000266333C2230000PIX QRS A F DE ARAU02/04                                  000000
3410001300018E1  261595590000137000000         00687045252000000095686 0MATEUS FOOD LTDA                    DPV0100009773000000000000S        02042026000000000000266334C2230000PIX QRS A F DE ARAU02/04                                  000000
3410001300019E1  261595590000137000000         00687045252000000095686 0MATEUS FOOD LTDA                    DPV0100009131000000000000S        02042026000000000000001387C2090007PIX TRANSF  VR Bene02/04                                  000000
3410001300020E1  261595590000137000000         00687045252000000095686 0MATEUS FOOD LTDA                    DPV0100009029000000000000S        02042026000000000000030000C2050000PIX SAQUE 02/04                                           000000
3410001300021E1  261595590000137000000         00687045252000000095686 0MATEUS FOOD LTDA                    DPV0100009327000000000000S        02042026000000000000005500C2050000PIX SAQUE 02/04                                           000000
3410001300022E1  261595590000137000000         00687045252000000095686 0MATEUS FOOD LTDA                    DPV0100009028000000000000S        02042026000000000000127865C2090007TED 237.2374.ALELO I D P                                  000000
3410001300023E1  261595590000137000000         00687045252000000095686 0MATEUS FOOD LTDA                    DPV                      S0204202602042026000000000000008700D1050074TAR MANUT CONTA    03/26                                  032600
3410001300024E1  261595590000137000000         00687045252000000095686 0MATEUS FOOD LTDA                    DPV                      S0204202602042026000000000000006549D1050074TAR PIX QR LIQ BOLECODE                                   000000
34100015         261595590000137               00687045252000000095686 0                00000000000000000000000000000000000000000000000000000002042026000000000099605411CP0000260000000000018652490000000000173942130000000000000000000000000000
34199999         000001000028000001                                                                                                                                                                                                             
